<record><leader>00000cas a2200000 a 4500</leader><controlfield tag="001">12388042</controlfield><controlfield tag="008">850815d19031905ksuwr ne      0    0eng d</controlfield><datafield ind1=" " ind2=" " tag="010"><subfield code="a">sn 85029505 </subfield></datafield><datafield ind1=" " ind2=" " tag="040"><subfield code="a">KSH</subfield><subfield code="b">eng</subfield><subfield code="c">KSH</subfield><subfield code="d">NPT</subfield><subfield code="d">OCL</subfield><subfield code="d">OCLCQ</subfield></datafield><datafield ind1=" " ind2=" " tag="042"><subfield code="a">msc</subfield></datafield><datafield ind1="0" ind2="4" tag="245"><subfield code="a">The Prairie View news.</subfield></datafield><datafield ind1=" " ind2=" " tag="260"><subfield code="a">Prairie View, Kan. :</subfield><subfield code="b">A.F. Walker &amp; Son,</subfield><subfield code="c">1903-1905.</subfield></datafield><datafield ind1=" " ind2=" " tag="300"><subfield code="a">3 v. :</subfield><subfield code="b">ill. ;</subfield><subfield code="c">49 cm.</subfield></datafield><datafield ind1=" " ind2=" " tag="310"><subfield code="a">Weekly,</subfield><subfield code="b">Jan. 21, 1904-Mar. 30, 1905</subfield></datafield><datafield ind1=" " ind2=" " tag="321"><subfield code="a">Semiweekly,</subfield><subfield code="b">Jan. 15, 1903-Jan. 7, 1904</subfield></datafield><datafield ind1="0" ind2=" " tag="362"><subfield code="a">Vol. 1, no. 1 (Jan. 15, 1903)-v. 3, no. 11 (Mar. 30, 1905).</subfield></datafield><datafield ind1=" " ind2=" " tag="500"><subfield code="a">"Republican."</subfield></datafield><datafield ind1=" " ind2=" " tag="752"><subfield code="a">United States</subfield><subfield code="b">Kansas</subfield><subfield code="c">Phillips</subfield><subfield code="d">Prairie View.</subfield></datafield><datafield ind1="0" ind2="7" tag="785"><subfield code="t">Logan republican (Logan, Kan. : 1886)</subfield><subfield code="w">(DLC)sn 85029497</subfield></datafield><datafield ind1="0" ind2="7" tag="785"><subfield code="t">Logan republican and the Prairie View news</subfield><subfield code="w">(DLC)sn 85029487</subfield></datafield></record>